@article{Tukey,
author = {Tukey, John},
journal = {BIOMETRICS},
pages = {99--114},
title = {{Comparing Individual Means in the Analysis of Variance}},
year = {1949},
}

@inbook{Proch,
author = {Prochenka, Agnieszka},
journal = {Polska Akadenia Nauk},
title = {{Delete or Merge Regressors algorithm}},
chapter = {4.3},
pages = {37},
year = {2016},
}

@inbook{ProchEx,
author = {Prochenka, Agnieszka},
journal = {Polska Akadenia Nauk},
title = {{Delete or Merge Regressors algorithm}},
chapter = {5--6},
pages = {44--91},
year = {2016},
}

@article{Casanova,
author = {Bondell, Howard D. and Reich, Brian J.},
journal = {Department of Statistics, North Carolina State University},
title = {{Simultaneous factor selection and collapsing levels in ANOVA}},
year = {2008},
}

@article{Tib,
author = {Tibshirani, Robert and Saunders, Michael and Rosset, Saharon and Zhu, Ji and Knight, Keith},
journal = {Journal of the Royal Statistical Society},
pages = {01--108},
title = {{Sparsity and smoothness via the fused lasso}},
year = {2005},
}
